@article{Cox:2012ly,
	Author = {Cox, Anthony J and others},
	Journal = {Bioinformatics},
	Pages = {1415-9},
	Title = {Large-scale compression of genomic sequence databases with the Burrows-Wheeler transform},
	Volume = {28},
	Year = {2012}}

@article{Simpson:2012aa,
	Author = {Simpson, Jared T and Durbin, Richard},
	Journal = {Genome Res},
	Pages = {549-56},
	Title = {Efficient de novo assembly of large genomes using compressed data structures},
	Volume = {22},
	Year = {2012}}

@article{DBLP:journals/corr/LiuLL14,
  author    = {Chi-Man Liu and others},
  title     = {{GPU}-Accelerated BWT Construction for Large Collection of
               Short Reads},
  journal   = {CoRR},
  volume    = {abs/1401.7457},
  year      = {2014},
  ee        = {http://arxiv.org/abs/1401.7457},
  bibsource = {DBLP, http://dblp.uni-trier.de}
}

@article{DBLP:journals/tcs/BauerCR13,
  author    = {Markus J. Bauer and others},
  title     = {Lightweight algorithms for constructing and inverting the
               BWT of string collections},
  journal   = {Theor. Comput. Sci.},
  volume    = {483},
  year      = {2013},
  pages     = {134-148},
  ee        = {http://dx.doi.org/10.1016/j.tcs.2012.02.002},
  bibsource = {DBLP, http://dblp.uni-trier.de}
}
@inproceedings{DBLP:conf/cpm/MakinenN06,
  author    = {Veli M{\"a}kinen and
               Gonzalo Navarro},
  title     = {Dynamic Entropy-Compressed Sequences and Full-Text Indexes},
  booktitle = {CPM},
  year      = {2006},
  pages     = {306-317},
  ee        = {http://dx.doi.org/10.1007/11780441_28},
  crossref  = {DBLP:conf/cpm/2006},
  bibsource = {DBLP, http://dblp.uni-trier.de}
}
@proceedings{DBLP:conf/cpm/2006,
  editor    = {Moshe Lewenstein and
               Gabriel Valiente},
  title     = {Combinatorial Pattern Matching, 17th Annual Symposium, CPM
               2006, Barcelona, Spain, July 5-7, 2006, Proceedings},
  booktitle = {CPM},
  publisher = {Springer},
  series    = {Lecture Notes in Computer Science},
  volume    = {4009},
  year      = {2006},
  isbn      = {3-540-35455-7},
  bibsource = {DBLP, http://dblp.uni-trier.de}
}
@inproceedings{DBLP:conf/cpm/ChanHL04,
  author    = {Ho-Leung Chan and others},
  title     = {Compressed Index for a Dynamic Collection of Texts},
  booktitle = {CPM},
  year      = {2004},
  pages     = {445-456},
  ee        = {http://dx.doi.org/10.1007/978-3-540-27801-6_34},
  crossref  = {DBLP:conf/cpm/2004},
  bibsource = {DBLP, http://dblp.uni-trier.de}
}
@proceedings{DBLP:conf/cpm/2004,
  editor    = {S{\"u}leyman Cenk Sahinalp and
               S. Muthukrishnan and
               Ugur Dogrus{\"o}z},
  title     = {Combinatorial Pattern Matching, 15th Annual Symposium, CPM
               2004, Istanbul,Turkey, July 5-7, 2004, Proceedings},
  booktitle = {CPM},
  publisher = {Springer},
  series    = {Lecture Notes in Computer Science},
  volume    = {3109},
  year      = {2004},
  isbn      = {3-540-22341-X},
  bibsource = {DBLP, http://dblp.uni-trier.de}
}

@article{Levy:2007uq,
	Author = {Levy, Samuel and others},
	Journal = {PLoS Biol},
	Pages = {e254},
	Title = {The diploid genome sequence of an individual human},
	Volume = {5},
	Year = {2007}}

@article{Depristo:2011vn,
	Author = {Depristo, Mark A and others},
	Journal = {Nat Genet},
	Pages = {491-8},
	Title = {A framework for variation discovery and genotyping using next-generation DNA sequencing data},
	Volume = {43},
	Year = {2011}}
