@article{Faust:2014aa,
	Author = {Faust, Gregory G and Hall, Ira M},
	Journal = {Bioinformatics},
	Pages = {2503-5},
	Title = {SAMBLASTER: fast duplicate marking and structural variant read extraction},
	Volume = {30},
	Year = {2014}}

@article{Li:2013aa,
	Author = {Li, Heng},
	Journal = {arXiv:1303.3997},
	Title = {Aligning sequence reads, clone sequences and assembly contigs with {BWA-MEM}},
	Year = {2013}}

@article{Li:2015aa-tmp,
	Author = {Li, Heng},
	Journal = {arXiv:1502.03744},
	Title = {{BFC}: correcting Illumina sequencing errors},
	Year = {2015}}

@article{Li:2014ab,
	Author = {Li, Heng},
	Journal = {Bioinformatics},
	Pages = {3274-5},
	Title = {Fast construction of {FM-index} for long sequence reads},
	Volume = {30},
	Year = {2014}}

@article{Garrison:2012aa,
	Author = {Garrison, Erik and Marth, Gabor},
	Journal = {arXiv:1207.3907},
	Title = {Haplotype-based variant detection from short-read sequencing},
	Year = {2012}}

@article{Li:2014aa,
	Author = {Li, Heng},
	Journal = {Bioinformatics},
	Pages = {2843-2851},
	Title = {Toward better understanding of artifacts in variant calling from high-coverage samples},
	Volume = {30},
	Year = {2014}}

@article{Zook:2014ab,
	Author = {Zook, Justin M and others},
	Journal = {Nat Biotechnol},
	Pages = {246-51},
	Title = {Integrating human sequence data sets provides a resource of benchmark SNP and indel genotype calls},
	Volume = {32},
	Year = {2014}}

@article{Li:2012fk,
	Author = {Li, Heng},
	Journal = {Bioinformatics},
	Pages = {1838-44},
	Title = {Exploring single-sample {SNP} and {INDEL} calling with whole-genome de novo assembly},
	Volume = {28},
	Year = {2012}}

@article{Rausch:2012aa,
	Author = {Rausch, Tobias and others},
	Journal = {Bioinformatics},
	Month = {Sep},
	Number = {18},
	Pages = {i333-i339},
	Title = {{DELLY}: structural variant discovery by integrated paired-end and split-read analysis},
	Volume = {28},
	Year = {2012}}

@article{Layer:2014aa,
	Author = {Layer, Ryan M and others},
	Journal = {Genome Biol},
	Pages = {R84},
	Title = {{LUMPY}: a probabilistic framework for structural variant discovery},
	Volume = {15},
	Year = {2014}}

@article{Mills:2011aa,
	Author = {Mills, Ryan E and others},
	Journal = {Nature},
	Pages = {59-65},
	Title = {Mapping copy number variation by population-scale genome sequencing},
	Volume = {470},
	Year = {2011}}

@article{Raczy:2013aa,
	Author = {Raczy, Come and others},
	Journal = {Bioinformatics},
	Pages = {2041-3},
	Title = {Isaac: ultra-fast whole-genome secondary analysis on Illumina sequencing platforms},
	Volume = {29},
	Year = {2013}}

@article{Trappe:2014fj,
	Author = {Trappe, Kathrin and others},
	Journal = {Bioinformatics},
	Pages = {3484-90},
	Title = {Gustaf: Detecting and correctly classifying SVs in the NGS twilight zone},
	Volume = {30},
	Year = {2014}}
