@article{Pevzner:2001vn,
	Author = {Pevzner, P A and others},
	Journal = {Proc Natl Acad Sci},
	Pages = {9748-53},
	Title = {An {Eulerian} path approach to {DNA} fragment assembly},
	Volume = {98},
	Year = {2001}}

@article{Li:2012fk,
	Author = {Li, Heng},
	Journal = {Bioinformatics},
	Pages = {1838-44},
	Title = {Exploring single-sample {SNP} and {INDEL} calling with whole-genome de novo assembly},
	Volume = {28},
	Year = {2012}}

@article{Song:2014aa,
	Author = {Song, Li and others},
	Journal = {Genome Biol},
	Pages = {509},
	Title = {Lighter: fast and memory-efficient sequencing error correction without counting},
	Volume = {15},
	Year = {2014}}

@article{Heo:2014aa,
	Author = {Heo, Yun and others},
	Journal = {Bioinformatics},
	Pages = {1354-62},
	Title = {{BLESS}: bloom filter-based error correction solution for high-throughput sequencing reads},
	Volume = {30},
	Year = {2014}}

@article{Li:2013aa,
	Author = {Li, Heng},
	Journal = {arXiv:1303.3997},
	Title = {Aligning sequence reads, clone sequences and assembly contigs with {BWA-MEM}},
	Year = {2013}}

@article{Drezen:2014aa,
	Author = {Drezen, Erwan and others},
	Journal = {Bioinformatics},
	Pages = {2959-61},
	Title = {{GATB}: Genome Assembly \& Analysis Tool Box},
	Volume = {30},
	Year = {2014}}

@article{Liu:2013ac,
	Author = {Liu, Yongchao and others},
	Journal = {Bioinformatics},
	Pages = {308-15},
	Title = {Musket: a multistage k-mer spectrum-based error corrector for {Illumina} sequence data},
	Volume = {29},
	Year = {2013}}

@article{Simpson:2012aa,
	Author = {Simpson, Jared T and Durbin, Richard},
	Journal = {Genome Res},
	Pages = {549-56},
	Title = {Efficient de novo assembly of large genomes using compressed data structures},
	Volume = {22},
	Year = {2012}}

@article{Ilie:2013aa,
	Author = {Ilie, Lucian and Molnar, Michael},
	Journal = {Bioinformatics},
	Pages = {2490-3},
	Title = {{RACER}: Rapid and accurate correction of errors in reads},
	Volume = {29},
	Year = {2013}}

@article{Lim:2014aa,
	Author = {Lim, Eun-Cheon and others},
	Journal = {Bioinformatics},
	Pages = {3264-5},
	Title = {Trowel: a fast and accurate error correction module for {Illumina} sequencing reads},
	Volume = {30},
	Year = {2014}}

@article{Schulz:2014aa,
	Author = {Schulz, Marcel H and others},
	Journal = {Bioinformatics},
	Pages = {i356-63},
	Title = {Fiona: a parallel and automatic strategy for read error correction},
	Volume = {30},
	Year = {2014}}

@article{Gnerre:2011ys,
	Author = {Gnerre, Sante and others},
	Journal = {Proc Natl Acad Sci},
	Pages = {1513-8},
	Title = {High-quality draft assemblies of mammalian genomes from massively parallel sequence data},
	Volume = {108},
	Year = {2011}}

@article{Ilie:2011fk,
	Author = {Ilie, Lucian and others},
	Journal = {Bioinformatics},
	Pages = {295-302},
	Title = {{HiTEC}: accurate error correction in high-throughput sequencing data},
	Volume = {27},
	Year = {2011}}

@article{Salmela:2011aa,
	Author = {Salmela, Leena and Schr{\"o}der, Jan},
	Journal = {Bioinformatics},
	Pages = {1455-61},
	Title = {Correcting errors in short reads by multiple alignments},
	Volume = {27},
	Year = {2011}}

@article{Schroder:2009uq,
	Author = {Schr{\"o}der, Jan and others},
	Journal = {Bioinformatics},
	Pages = {2157-63},
	Title = {{SHREC}: a short-read error correction method},
	Volume = {25},
	Year = {2009}}

@article{Molnar:2014aa,
	Author = {Molnar, Michael and Ilie, Lucian},
	Journal = {Brief Bioinform},
	Title = {Correcting Illumina data},
	Year = {2014}}

@article{kmc2,
	Author = {Deorowicz, Sabastian and others},
	Journal = {Bioinformatics},
	Title = {{KMC} 2: Fast and resource-frugal k-mer counting},
	Volume = {31},
	Year = {2015}}

@article{Melsted:2011bh,
	Author = {Melsted, P{\'a}ll and Pritchard, Jonathan K},
	Journal = {BMC Bioinformatics},
	Pages = {333},
	Title = {Efficient counting of k-mers in {DNA} sequences using a bloom filter},
	Volume = {12},
	Year = {2011}}

@proceedings{DBLP:conf/wea/2007,
	Editor = {Camil Demetrescu},
	Publisher = {Springer},
	Title = {Experimental Algorithms, 6th International Workshop, {WEA} 2007, Rome, Italy, June 6-8, 2007, Proceedings},
	Volume = {4525},
	Year = {2007}}

@inproceedings{DBLP:conf/wea/PutzeSS07,
	Author = {Felix Putze and Peter Sanders and Johannes Singler},
	Booktitle = {Experimental Algorithms, 6th International Workshop, {WEA} 2007, Rome, Italy, June 6-8, 2007, Proceedings},
	Crossref = {DBLP:conf/wea/2007},
	Pages = {108--121},
	Title = {Cache-, Hash- and Space-Efficient Bloom Filters},
	Year = {2007}}

@article{Luo:2012aa,
	Author = {Luo, Ruibang and others},
	Journal = {Gigascience},
	Pages = {18},
	Title = {{SOAPdenovo2}: an empirically improved memory-efficient short-read de novo assembler},
	Volume = {1},
	Year = {2012}}

@article{Zimin:2013aa,
	Author = {Zimin, Aleksey V and others},
	Journal = {Bioinformatics},
	Pages = {2669-77},
	Title = {The {MaSuRCA} genome assembler},
	Volume = {29},
	Year = {2013}}

@article{Zerbino:2008uq,
	Author = {Zerbino, Daniel R and Birney, Ewan},
	Journal = {Genome Res},
	Pages = {821-9},
	Title = {Velvet: algorithms for de novo short read assembly using {de Bruijn graphs}},
	Volume = {18},
	Year = {2008}}

@article{Simpson:2009ys,
	Author = {Simpson, Jared T and others},
	Journal = {Genome Res},
	Pages = {1117-23},
	Title = {{ABySS}: a parallel assembler for short read sequence data},
	Volume = {19},
	Year = {2009}}

@article{Greenfield:2014aa,
	Author = {Greenfield, Paul and others},
	Journal = {Bioinformatics},
	Pages = {2723-32},
	Title = {Blue: correcting sequencing errors using consensus and context},
	Volume = {30},
	Year = {2014}}

@article{Chaisson:2004kx,
	Author = {Chaisson, Mark and others},
	Journal = {Bioinformatics},
	Pages = {2067-74},
	Title = {Fragment assembly with short reads},
	Volume = {20},
	Year = {2004}}

@article{Zerbino:2008uq,
	Author = {Zerbino, Daniel R and Birney, Ewan},
	Journal = {Genome Res},
	Pages = {821-9},
	Title = {Velvet: algorithms for de novo short read assembly using de Bruijn graphs},
	Volume = {18},
	Year = {2008}}

@article{Simpson:2009ys,
	Author = {Simpson, Jared T and others},
	Journal = {Genome Res},
	Pages = {1117-23},
	Title = {{ABySS}: a parallel assembler for short read sequence data},
	Volume = {19},
	Year = {2009}}

@article{Garrison:2012aa,
	Author = {Garrison, Erik and Marth, Gabor},
	Journal = {arXiv:1207.3907},
	Title = {Haplotype-based variant detection from short-read sequencing},
	Year = {2012}}

@article{Li:2014aa,
	Author = {Li, Heng},
	Journal = {Bioinformatics},
	Pages = {2843-2851},
	Title = {Toward better understanding of artifacts in variant calling from high-coverage samples},
	Volume = {30},
	Year = {2014}}

@article{Nakamura:2011aa,
	Author = {Nakamura, Kensuke and others},
	Journal = {Nucleic Acids Res},
	Pages = {e90},
	Title = {Sequence-specific error profile of Illumina sequencers},
	Volume = {39},
	Year = {2011}}
